<?xml version="1.0" encoding="UTF-8"?><record xmlns="http://www.loc.gov/MARC21/slim" xmlns:cinclude="http://apache.org/cocoon/include/1.0" xmlns:zs="http://www.loc.gov/zing/srw/">
  <leader>01696cz  a2200289n  4500</leader>
  <controlfield tag="001">n  94016328 </controlfield>
  <controlfield tag="003">DLC</controlfield>
  <controlfield tag="005">20030812052353.0</controlfield>
  <controlfield tag="008">940217n| acaaaaaan          |a ana      </controlfield>
  <datafield tag="010" ind1=" " ind2=" ">
    <subfield code="a">n  94016328 </subfield>
  </datafield>
  <datafield tag="035" ind1=" " ind2=" ">
    <subfield code="a">(OCoLC)oca03550995</subfield>
  </datafield>
  <datafield tag="040" ind1=" " ind2=" ">
    <subfield code="a">DLC</subfield>
    <subfield code="c">DLC</subfield>
    <subfield code="d">DLC</subfield>
    <subfield code="d">InU</subfield>
  </datafield>
  <datafield tag="050" ind1=" " ind2=" ">
    <subfield code="a">IN PROCESS</subfield>
  </datafield>
  <datafield tag="130" ind1=" " ind2="0">
    <subfield code="a">World Employment Programme research working paper.</subfield>
    <subfield code="n">WEP 2-43,</subfield>
    <subfield code="p">Labour market analysis and employment planning</subfield>
  </datafield>
  <datafield tag="410" ind1="2" ind2=" ">
    <subfield code="a">World Employment Programme.</subfield>
    <subfield code="t">World Employment Programme research working paper.</subfield>
    <subfield code="n">WEP 2-43,</subfield>
    <subfield code="p">Labour market analysis and employment planning</subfield>
  </datafield>
  <datafield tag="430" ind1=" " ind2="0">
    <subfield code="a">WEP 2-43,</subfield>
    <subfield code="p">Labour market analysis and employment planning</subfield>
  </datafield>
  <datafield tag="430" ind1=" " ind2="0">
    <subfield code="a">Labour market analysis and employment planning</subfield>
  </datafield>
  <datafield tag="530" ind1=" " ind2="0">
    <subfield code="w">b</subfield>
    <subfield code="a">World Employment Programme research working paper.</subfield>
    <subfield code="n">WEP 2-43,</subfield>
    <subfield code="p">Labour market analysis and employment policies</subfield>
  </datafield>
  <datafield tag="530" ind1=" " ind2="0">
    <subfield code="w">a</subfield>
    <subfield code="a">World Employment Programme research working paper.</subfield>
    <subfield code="n">WEP 2-43,</subfield>
    <subfield code="p">Aspects of labour market analysis</subfield>
  </datafield>
  <datafield tag="642" ind1=" " ind2=" ">
    <subfield code="a">WP 50</subfield>
    <subfield code="5">DLC</subfield>
  </datafield>
  <datafield tag="643" ind1=" " ind2=" ">
    <subfield code="a">Geneva</subfield>
    <subfield code="b">International Labour Office</subfield>
  </datafield>
  <datafield tag="644" ind1=" " ind2=" ">
    <subfield code="a">n</subfield>
    <subfield code="d">all vols. except WP 50</subfield>
    <subfield code="5">DLC</subfield>
  </datafield>
  <datafield tag="644" ind1=" " ind2=" ">
    <subfield code="a">f</subfield>
    <subfield code="d">WP 50</subfield>
    <subfield code="5">DLC</subfield>
  </datafield>
  <datafield tag="646" ind1=" " ind2=" ">
    <subfield code="a">c</subfield>
    <subfield code="d">all vols. except WP 50</subfield>
    <subfield code="5">DLC</subfield>
  </datafield>
  <datafield tag="646" ind1=" " ind2=" ">
    <subfield code="a">s</subfield>
    <subfield code="d">WP 50</subfield>
    <subfield code="5">DLC</subfield>
  </datafield>
  <datafield tag="670" ind1=" " ind2=" ">
    <subfield code="a">Structural adjustment and retrenchment in the Civil Service, 1991:</subfield>
    <subfield code="b">t.p. (World Employment Programme research working paper WEP 2-43)</subfield>
  </datafield>
  <datafield tag="675" ind1=" " ind2=" ">
    <subfield code="a">The impact of employment restructuring on disadvantaged groups in Bulgaria and Hungary, 1993: ser. t.p. (World Employment Programme research working paper. WEP 2-43, Labour market analysis and employment policies);</subfield>
    <subfield code="a">The Work Experience Programme in Ireland, 1986: t.p. (World Employment Programme research working paper. WEP 2-43. Aspects of labour analysis)</subfield>
  </datafield>
</record>